@article{K_hl_1977,
  doi = {10.1103/physrevlett.39.180},
  url = {http://dx.doi.org/10.1103/physrevlett.39.180},
  year = {1977},
  month = {jul},
  publisher = {American Physical Society ({APS})},
  volume = {39},
  number = {4},
  pages = {180--183},
  author = {T. Kühl and P. Dabkiewicz and C. Duke and H. Fischer and H. -J. Kluge and H. Kremmling and E. -W. Otten},
  title = {{Nuclear Shape Staggering in Very Neutron-Deficient Hg Isotopes Detected by Laser Spectroscopy}},
  journal = {Phys. Rev. Lett.},
}


@article{Huber_1976,
  doi = {10.1007/bf01412097},
  url = {http://dx.doi.org/10.1007/bf01412097},
  year = {1976},
  month = {sep},
  publisher = {Springer Science $\mathplus$ Business Media},
  volume = {276},
  number = {3},
  pages = {187--202},
  author = {G. Huber and J. Bonn and H. -J. Kluge and E. -W. Otten},
  title = {{Nuclear Radiation Detected Optical Pumping of neutron-deficient Hg isotopes}},
  journal = {Zeitschrift f�r Physik A Atoms and Nuclei},
}
